/Volumes/Papers Library/Library/Collections/Video thumbnails/Î© Export/Video thumbnails.bib